@book{jones96,
    author  	= "Richard Jones and Rafael Lins",
    title   	= "Garbage Collection: Algorithms for Automatic Dynamic Memory Management",
    year    	= "1996",
    publisher 	= "Wiley"
}

@book{gross06,
    author  	= "Jonathan L. Gross and Jay Yellen",
    title   	= "Graph Theory and Its Applications",
    year    	= "2006",
    publisher 	= "Chapman Hall"
}

@book{cormen01,
    author  	= "Thomas H. Cormen and Charles E. Leiserson and Ronald L. Rivest and Clifford Stein",
    title   	= "Introduction to Algorithms",
    year    	= "2001",
    publisher 	= "The MIT Press"
}
